@inproceedings{albrecht2017reasoning,
  title={Reasoning about hypothetical agent behaviours and their parameters},
  author={Albrecht, Stefano V and Stone, Peter},
  booktitle={Proceedings of the 16th Conference on Autonomous Agents and MultiAgent Systems},
  pages={547--555},
  year={2017},
  organization={International Foundation for Autonomous Agents and Multiagent Systems}
}

@techreport{niekum2014champ,
  title={CHAMP: Changepoint detection using approximate model parameters},
  author={Niekum, Scott and Osentoski, Sarah and Atkeson, Christopher G and Barto, Andrew G},
  year={2014},
  institution={CARNEGIE-MELLON UNIV PITTSBURGH PA ROBOTICS INST}
}

@article{fearnhead2007line,
  title={On-line inference for multiple changepoint problems},
  author={Fearnhead, Paul and Liu, Zhen},
  journal={Journal of the Royal Statistical Society: Series B (Statistical Methodology)},
  volume={69},
  number={4},
  pages={589--605},
  year={2007},
  publisher={Wiley Online Library}
}


@inproceedings{stone2010ad,
  title={Ad Hoc Autonomous Agent Teams: Collaboration without Pre-Coordination.},
  author={Stone, Peter and Kaminka, Gal A and Kraus, Sarit and Rosenschein, Jeffrey S and others},
  booktitle={AAAI},
  year={2010}
}


@inproceedings{albrecht2013game,
  title={A game-theoretic model and best-response learning method for ad hoc coordination in multiagent systems},
  author={Albrecht, Stefano V and Ramamoorthy, Subramanian},
  booktitle={Proceedings of the 2013 international conference on Autonomous agents and multi-agent systems},
  pages={1155--1156},
  year={2013},
  organization={International Foundation for Autonomous Agents and Multiagent Systems}
}